
@article{spens2017,
	title = {Comparison of capture and storage methods for aqueous macrobial eDNA using an optimized extraction protocol: advantage of enclosed filter},
	author = {Spens, Johan and Evans, Alice R. and Halfmaerten, David and Knudsen, Steen W. and Sengupta, Mita E. and Mak, Sarah S. T. and Sigsgaard, Eva E. and {Hellstr√∂m}, Micaela},
	year = {2017},
	date = {2017},
	journal = {Methods in Ecology and Evolution},
	pages = {635--645},
	volume = {8},
	number = {5},
	doi = {10.1111/2041-210X.12683},
	url = {https://onlinelibrary.wiley.com/doi/abs/10.1111/2041-210X.12683},
	note = {{\_}eprint: https://onlinelibrary.wiley.com/doi/pdf/10.1111/2041-210X.12683},
	langid = {en}
}
